<record><leader>00000cas a22000007a 4500</leader><controlfield tag="001">29484270</controlfield><controlfield tag="008">931213d1855185unyuuu ne      0    0eng d</controlfield><datafield ind1=" " ind2=" " tag="010"><subfield code="a">sn 93063714 </subfield></datafield><datafield ind1=" " ind2=" " tag="040"><subfield code="a">NYS</subfield><subfield code="b">eng</subfield><subfield code="c">NYS</subfield><subfield code="d">OCL</subfield><subfield code="d">OCLCQ</subfield><subfield code="d">OCLCO</subfield></datafield><datafield ind1=" " ind2=" " tag="042"><subfield code="a">msc</subfield></datafield><datafield ind1=" " ind2=" " tag="043"><subfield code="a">n-us-ny</subfield></datafield><datafield ind1="0" ind2=" " tag="130"><subfield code="a">Hawkeye (Constableville, N.Y.)</subfield></datafield><datafield ind1="1" ind2="4" tag="245"><subfield code="a">The hawkeye.</subfield></datafield><datafield ind1="1" ind2="3" tag="246"><subfield code="a">Hawk eye</subfield></datafield><datafield ind1=" " ind2=" " tag="260"><subfield code="a">Constableville, Lewis Co., N.Y. :</subfield><subfield code="b">I.K., O.L.</subfield></datafield><datafield ind1=" " ind2=" " tag="300"><subfield code="a">v.</subfield></datafield><datafield ind1="1" ind2=" " tag="362"><subfield code="a">Began in 1855.</subfield></datafield><datafield ind1=" " ind2=" " tag="500"><subfield code="a">"Devoted to Truth, Liberty and Equality, and opposed to Aristocracy, Political Tyranny, and all the Ultra 'Isms' of the Age."</subfield></datafield><datafield ind1=" " ind2=" " tag="580"><subfield code="a">Opposed by: Young America (Constableville, N.Y.).</subfield></datafield><datafield ind1=" " ind2=" " tag="588"><subfield code="a">Description based on: Vol. 1, no. 2 (Oct. 1, 1855).</subfield></datafield><datafield ind1=" " ind2="0" tag="651"><subfield code="a">Constableville (N.Y.)</subfield><subfield code="v">Newspapers.</subfield></datafield><datafield ind1=" " ind2="0" tag="651"><subfield code="a">Lewis County (N.Y.)</subfield><subfield code="v">Newspapers.</subfield></datafield><datafield ind1=" " ind2=" " tag="752"><subfield code="a">United States</subfield><subfield code="b">New York</subfield><subfield code="c">Lewis</subfield><subfield code="d">Constableville.</subfield></datafield><datafield ind1="1" ind2=" " tag="787"><subfield code="t">Young America (Constableville, N.Y.)</subfield><subfield code="w">(DLC)sn 93063715</subfield><subfield code="w">(OCoLC)29484376</subfield></datafield></record>